<?xml version="1.0" encoding="UTF-8"?><collection xmlns="http://www.loc.gov/MARC21/slim"><record><leader>00378nam--2200121-i-4500</leader><controlfield tag="001">000016170</controlfield><controlfield tag="002">20161230</controlfield><controlfield tag="005">20161230201031</controlfield><controlfield tag="008">060222s1000------------r-----000-0-eng-d</controlfield><datafield ind1=" " ind2=" " tag="245"><subfield code="a">Statistical physics.proceedings of the international conference 25-29 august,1975 budapest, hungary</subfield></datafield><datafield ind1=" " ind2=" " tag="260"><subfield code="a">Budapest,Akademiei Kaido,1976. 251p</subfield></datafield><datafield ind1=" " ind2=" " tag="700"><subfield code="a">Pal,L.And Szepfalusy,P</subfield></datafield><datafield ind1=" " ind2=" " tag="852"><subfield code="a">77699</subfield></datafield></record></collection>